@book{kang2003cmos,
  title     = {CMOS Digital Integrated Circuits: Analysis and Design},
  author    = {Sung-Mo Kang and Yusuf Leblebici},
  year      = {2003},
  publisher = {McGraw-Hill},
  edition   = {3rd}
}

@book{weste2015cmos,
  title     = {CMOS VLSI Design: A Circuits and Systems Perspective},
  author    = {Neil H. E. Weste and David Harris},
  year      = {2015},
  publisher = {Pearson},
  edition   = {4th}
}

@book{rabaey2003digital,
  title     = {Digital Integrated Circuits: A Design Perspective},
  author    = {Jan M. Rabaey and Anantha Chandrakasan and Borivoje Nikoli\'c},
  year      = {2003},
  publisher = {Prentice Hall},
  edition   = {2nd}
}

@book{sze2008physics,
  title     = {Physics of Semiconductor Devices},
  author    = {Simon M. Sze and Kwok K. Ng},
  year      = {2008},
  publisher = {Wiley},
  edition   = {3rd}
}