@book{weste2011cmos,
  title     = {CMOS VLSI Design: A Circuits and Systems Perspective},
  author    = {Neil H. E. Weste and David Harris},
  year      = {2011},
  publisher = {Addison-Wesley},
  address   = {Boston, MA},
  edition   = {4}
}

@book{rabaey2003digital,
  title     = {Digital Integrated Circuits: A Design Perspective},
  author    = {Jan M. Rabaey and Anantha Chandrakasan and Borivoje Nikoli\'{c}},
  year      = {2003},
  publisher = {Prentice Hall},
  address   = {Upper Saddle River, NJ},
  edition   = {2}
}

@misc{BibEntry2025Oct,
  title = {{Implement half adder circuit using static CMOS.}},
  year  = {2025},
  month = oct,
  note  = {[Online; accessed 23. Oct. 2025]},
  url   = {https://www.ques10.com/p/36440/implement-half-adder-circuit-using-static-cmos}
}

@book{sedra2015microelectronic,
  title     = {Microelectronic Circuits},
  author    = {Adel S. Sedra and Kenneth C. Smith},
  year      = {2015},
  publisher = {Oxford University Press},
  address   = {New York, NY},
  edition   = {7}
}