@misc{CalhounChandrakasan,
  title  = {(Please replace) Detailed reference for the Calhoun \& Chandrakasan source cited in the text},
  author = {Andrew D. Calhoun and Anantha P. Chandrakasan},
  year   = {XXXX},
  note   = {Replace with full bibliographic details (conference/journal, volume, pages, DOI).}
}

@book{WesteHarris,
  title     = {CMOS VLSI Design: A Circuits and Systems Perspective},
  author    = {Neil H. E. Weste and David Harris},
  year      = {2010},
  publisher = {Addison-Wesley},
  address   = {Boston, MA},
  edition   = {4th},
  isbn      = {978-0321547743}
}

@book{Rabaey,
  title     = {Digital Integrated Circuits: A Design Perspective},
  author    = {Jan M. Rabaey and Anantha P. Chandrakasan and Borivoje Nikoli\'{c}},
  year      = {2003},
  publisher = {Prentice Hall},
  address   = {Upper Saddle River, NJ},
  edition   = {2nd},
  isbn      = {978-0130909961}
}