@book{WesteHarrisCMOS,
  title     = {CMOS VLSI Design: A Circuits and Systems Perspective},
  author    = {Neil H. E. Weste and David Harris},
  year      = {2010},
  publisher = {Pearson},
  edition   = {4th},
  isbn      = {978-0321547743}
}

@book{RabaeyDigitalIC,
  title     = {Digital Integrated Circuits: A Design Perspective},
  author    = {Jan M. Rabaey and Anantha Chandrakasan and Borivoje Nikoli\'c},
  year      = {2003},
  publisher = {Prentice Hall},
  edition   = {2nd},
  isbn      = {978-0130909961}
}