@book{kang2019cmos,
  title     = {CMOS Digital Integrated Circuits: Analysis and Design},
  author    = {Sung-Mo Kang and Yusuf Leblebici},
  year      = {2019},
  publisher = {McGraw-Hill Education},
  edition   = {4th}
}

@book{weste2015cmos,
  title     = {CMOS VLSI Design: A Circuits and Systems Perspective},
  author    = {Neil H. E. Weste and David Harris},
  year      = {2015},
  publisher = {Pearson},
  edition   = {4th}
}

@book{manohar2017digital,
  title     = {Digital Logic Design},
  author    = {Raj Kamal Manohar},
  year      = {2017},
  publisher = {Oxford University Press}
}
